<?xml version="1.0" encoding="UTF-8"?><collection xmlns="http://www.loc.gov/MARC21/slim"><record><leader>00366nam--2200133-i-4500</leader><controlfield tag="001">000021627</controlfield><controlfield tag="002">20161230</controlfield><controlfield tag="005">20161230201034</controlfield><controlfield tag="008">060222s1000------------r-----000-0-eng-d</controlfield><datafield ind1=" " ind2=" " tag="100"><subfield code="a">Hodge P.C., Goodier J.N</subfield></datafield><datafield ind1=" " ind2=" " tag="245"><subfield code="a">Elasticity and plasticity</subfield></datafield><datafield ind1=" " ind2=" " tag="260"><subfield code="a">New York, John Wile &amp; Sons, Inc., 1958, Ix + 152p</subfield></datafield><datafield ind1=" " ind2=" " tag="490"><subfield code="a">Surveys In Applied Mathematics</subfield></datafield><datafield ind1=" " ind2=" " tag="852"><subfield code="a">14537</subfield></datafield></record></collection>